
@inproceedings{Beck:2014:RVD:2591062.2591111,
 author = {Beck, Fabian and Gulan, Stefan and Biegel, Benjamin and Baltes, Sebastian and Weiskopf, Daniel},
 title = {RegViz: Visual Debugging of Regular Expressions},
 booktitle = {Companion Proceedings of the 36th International Conference on Software Engineering},
 series = {ICSE Companion 2014},
 year = {2014},
 isbn = {978-1-4503-2768-8},
 location = {Hyderabad, India},
 pages = {504--507},
 numpages = {4},
 url = {http://doi.acm.org/10.1145/2591062.2591111},
 doi = {10.1145/2591062.2591111},
 acmid = {2591111},
 publisher = {ACM},
 address = {New York, NY, USA},
 keywords = {Regular expressions, program comprehension, software visualization, syntax highlighting, visual debugging},
}

@inproceedings{Begel:2010:CDE:1806799.1806821,
 author = {Begel, Andrew and Khoo, Yit Phang and Zimmermann, Thomas},
 title = {Codebook: Discovering and Exploiting Relationships in Software Repositories},
 booktitle = {Proceedings of the 32Nd ACM/IEEE International Conference on Software Engineering - Volume 1},
 series = {ICSE '10},
 year = {2010},
 isbn = {978-1-60558-719-6},
 location = {Cape Town, South Africa},
 pages = {125--134},
 numpages = {10},
 url = {http://doi.acm.org/10.1145/1806799.1806821},
 doi = {10.1145/1806799.1806821},
 acmid = {1806821},
 publisher = {ACM},
 address = {New York, NY, USA},
 keywords = {inter-team coordination, knowledge management, mining software repositories, regular expression, regular language reachability, social networking},
}

@inproceedings{Spishak:2012:TSR:2318202.2318207,
 author = {Spishak, Eric and Dietl, Werner and Ernst, Michael D.},
 title = {A Type System for Regular Expressions},
 booktitle = {Proceedings of the 14th Workshop on Formal Techniques for Java-like Programs},
 series = {FTfJP '12},
 year = {2012},
 isbn = {978-1-4503-1272-1},
 location = {Beijing, China},
 pages = {20--26},
 numpages = {7},
 url = {http://doi.acm.org/10.1145/2318202.2318207},
 doi = {10.1145/2318202.2318207},
 acmid = {2318207},
 publisher = {ACM},
 address = {New York, NY, USA},
 keywords = {case studies, checker framework, regex, regexp, regular expressions, type system},
}

@article{Clarke:1997:URE:256167.256174,
 author = {Clarke, Charles L. A. and Cormack, Gordon V.},
 title = {On the Use of Regular Expressions for Searching Text},
 journal = {ACM Trans. Program. Lang. Syst.},
 issue_date = {May 1997},
 volume = {19},
 number = {3},
 month = may,
 year = {1997},
 issn = {0164-0925},
 pages = {413--426},
 numpages = {14},
 url = {http://doi.acm.org/10.1145/256167.256174},
 doi = {10.1145/256167.256174},
 acmid = {256174},
 publisher = {ACM},
 address = {New York, NY, USA},
 keywords = {SGML, regular expressions, regular languages},
}


@misc{msdnmatching,
  title =   {MSDN - Matching Behavior},
  note =    {\texttt{https://msdn.microsoft.com/en-us/library/0yzc2yb0.aspx}},
  year =    2015
} 

@misc{brics,
  author =  {Anders M\o{}ller},
  title =   {dk.brics.automaton -- Finite-State Automata
             and Regular Expressions for {Java}},
  note =    {\texttt{http://www.brics.dk/automaton/}},
  year =    2010
} 

@article{hampi,
 author = {Kiezun, Adam and Ganesh, Vijay and Artzi, Shay and Guo, Philip J. and Hooimeijer, Pieter and Ernst, Michael D.},
 title = {HAMPI: A Solver for Word Equations over Strings, Regular Expressions, and Context-free Grammars},
 journal = {ACM Trans. Softw. Eng. Methodol.},
 issue_date = {November 2012},
 volume = {21},
 number = {4},
 month = feb,
 year = {2013},
 issn = {1049-331X},
 pages = {25:1--25:28},
 articleno = {25},
 numpages = {28},
 url = {http://doi.acm.org/10.1145/2377656.2377662},
 doi = {10.1145/2377656.2377662},
 acmid = {2377662},
 publisher = {ACM},
 address = {New York, NY, USA},
 keywords = {String constraints, concolic testing, context-free languages, program analysis, regular languages, word equations},
} 

@inproceedings{rex,
 author = {Veanes, Margus and Halleux, Peli de and Tillmann, Nikolai},
 title = {Rex: Symbolic Regular Expression Explorer},
 booktitle = {Proceedings of the 2010 Third International Conference on Software Testing, Verification and Validation},
 series = {ICST '10},
 year = {2010},
 isbn = {978-0-7695-3990-4},
 pages = {498--507},
 numpages = {10},
 url = {http://dx.doi.org/10.1109/ICST.2010.15},
 doi = {10.1109/ICST.2010.15},
 acmid = {1828494},
 publisher = {IEEE Computer Society},
 address = {Washington, DC, USA},
 keywords = {regular expressions, finite automata, satisfiability modulo theories, strings},
} 

@inproceedings{Ghosh:2013:JAT:2486788.2486925,
 author = {Ghosh, Indradeep and Shafiei, Nastaran and Li, Guodong and Chiang, Wei-Fan},
 title = {JST: An Automatic Test Generation Tool for Industrial Java Applications with Strings},
 booktitle = {Proceedings of the 2013 International Conference on Software Engineering},
 series = {ICSE '13},
 year = {2013},
 isbn = {978-1-4673-3076-3},
 location = {San Francisco, CA, USA},
 pages = {992--1001},
 numpages = {10},
 url = {http://dl.acm.org/citation.cfm?id=2486788.2486925},
 acmid = {2486925},
 publisher = {IEEE Press},
 address = {Piscataway, NJ, USA},
} 

@article{Galler:2014:STD:2683035.2683100,
 author = {Galler, Stefan J. and Aichernig, Bernhard K.},
 title = {Survey on Test Data Generation Tools},
 journal = {Int. J. Softw. Tools Technol. Transf.},
 issue_date = {November  2014},
 volume = {16},
 number = {6},
 month = nov,
 year = {2014},
 issn = {1433-2779},
 pages = {727--751},
 numpages = {25},
 url = {http://dx.doi.org/10.1007/s10009-013-0272-3},
 doi = {10.1007/s10009-013-0272-3},
 acmid = {2683100},
 publisher = {Springer-Verlag},
 address = {Berlin, Heidelberg},
 keywords = {C\#, C++, Eiffel, Java, Test data generation, Tool evaluation},
} 
@inproceedings{Trinh:2014:SSS:2660267.2660372,
 author = {Trinh, Minh-Thai and Chu, Duc-Hiep and Jaffar, Joxan},
 title = {S3: A Symbolic String Solver for Vulnerability Detection in Web Applications},
 booktitle = {Proceedings of the 2014 ACM SIGSAC Conference on Computer and Communications Security},
 series = {CCS '14},
 year = {2014},
 isbn = {978-1-4503-2957-6},
 location = {Scottsdale, Arizona, USA},
 pages = {1232--1243},
 numpages = {12},
 url = {http://doi.acm.org/10.1145/2660267.2660372},
 doi = {10.1145/2660267.2660372},
 acmid = {2660372},
 publisher = {ACM},
 address = {New York, NY, USA},
 keywords = {string analysis, string constraint solver, web applications},
} 


@misc{re2,
key = {re2},
url = {https://github.com/google/re2},
howpublished = {https://github.com/google/re2},
title={{RE2}},
year={2015},
month={May},
day={12}
}

@misc{network,
key = {network},
url = {https://www.bro.org/},
howpublished = {https://www.bro.org/},
title={{The Bro Network Security Monitor}},
year={2015},
month={May},
day={12}
}


@inproceedings{Yeole:2011:ADT:1980022.1980229,
 author = {Yeole, A. S. and Meshram, B. B.},
 title = {Analysis of Different Technique for Detection of SQL Injection},
 booktitle = {Proceedings of the International Conference \&\#38; Workshop on Emerging Trends in Technology},
 series = {ICWET '11},
 year = {2011},
 isbn = {978-1-4503-0449-8},
 location = {Mumbai, Maharashtra, India},
 pages = {963--966},
 numpages = {4},
 url = {http://doi.acm.org/10.1145/1980022.1980229},
 doi = {10.1145/1980022.1980229},
 acmid = {1980229},
 publisher = {ACM},
 address = {New York, NY, USA},
 keywords = {SQL injection, security, vulnerability},
} 

@INPROCEEDINGS{1594922, 
author={Arslan, A.N.}, 
booktitle={Computational Intelligence in Bioinformatics and Computational Biology, 2005. CIBCB '05. Proceedings of the 2005 IEEE Symposium on}, 
title={Multiple Sequence Alignment Containing a Sequence of Regular Expressions}, 
year={2005}, 
month={Nov}, 
pages={1-7}, 
keywords={Automata;Biology computing;Computer science;Databases;Degradation;Dynamic programming;Heuristic algorithms;Proteins;RNA;Writing}, 
doi={10.1109/CIBCB.2005.1594922},}

@article{Anand:2013:OSM:2503903.2503991,
 author = {Anand, Saswat and Burke, Edmund K. and Chen, Tsong Yueh and Clark, John and Cohen, Myra B. and Grieskamp, Wolfgang and Harman, Mark and Harrold, Mary Jean and Mcminn, Phil},
 title = {An Orchestrated Survey of Methodologies for Automated Software Test Case Generation},
 journal = {J. Syst. Softw.},
 issue_date = {August, 2013},
 volume = {86},
 number = {8},
 month = aug,
 year = {2013},
 issn = {0164-1212},
 pages = {1978--2001},
 numpages = {24},
 url = {http://dx.doi.org/10.1016/j.jss.2013.02.061},
 doi = {10.1016/j.jss.2013.02.061},
 acmid = {2503991},
 publisher = {Elsevier Science Inc.},
 address = {New York, NY, USA},
 keywords = {Adaptive random testing, Combinatorial testing, Model-based testing, Orchestrated survey, Search-based software testing, Software testing, Symbolic execution, Test automation, Test case generation},
} 

@inproceedings{Tillmann:2014:TAT:2642937.2642941,
 author = {Tillmann, Nikolai and de Halleux, Jonathan and Xie, Tao},
 title = {Transferring an Automated Test Generation Tool to Practice: From Pex to Fakes and Code Digger},
 booktitle = {Proceedings of the 29th ACM/IEEE International Conference on Automated Software Engineering},
 series = {ASE '14},
 year = {2014},
 isbn = {978-1-4503-3013-8},
 location = {Vasteras, Sweden},
 pages = {385--396},
 numpages = {12},
 url = {http://doi.acm.org/10.1145/2642937.2642941},
 doi = {10.1145/2642937.2642941},
 acmid = {2642941},
 publisher = {ACM},
 address = {New York, NY, USA},
 keywords = {symbolic execution, technology transfer, testing},
} 

@inproceedings{Babbar:2010:CBA:1871840.1871848,
 author = {Babbar, Rohit and Singh, Nidhi},
 title = {Clustering Based Approach to Learning Regular Expressions over Large Alphabet for Noisy Unstructured Text},
 booktitle = {Proceedings of the Fourth Workshop on Analytics for Noisy Unstructured Text Data},
 series = {AND '10},
 year = {2010},
 isbn = {978-1-4503-0376-7},
 location = {Toronto, ON, Canada},
 pages = {43--50},
 numpages = {8},
 url = {http://doi.acm.org/10.1145/1871840.1871848},
 doi = {10.1145/1871840.1871848},
 acmid = {1871848},
 publisher = {ACM},
 address = {New York, NY, USA},
 keywords = {clustering in noisy text, regular expression learning, rule-based information extraction},
} 

@inproceedings{Li:2008:REL:1613715.1613719,
 author = {Li, Yunyao and Krishnamurthy, Rajasekar and Raghavan, Sriram and Vaithyanathan, Shivakumar and Jagadish, H. V.},
 title = {Regular Expression Learning for Information Extraction},
 booktitle = {Proceedings of the Conference on Empirical Methods in Natural Language Processing},
 series = {EMNLP '08},
 year = {2008},
 location = {Honolulu, Hawaii},
 pages = {21--30},
 numpages = {10},
 url = {http://dl.acm.org/citation.cfm?id=1613715.1613719},
 acmid = {1613719},
 publisher = {Association for Computational Linguistics},
 address = {Stroudsburg, PA, USA},
}

@inproceedings{Linares-Vasquez:2014:MEA:2597073.2597085,
 author = {Linares-V\'{a}squez, Mario and Bavota, Gabriele and Bernal-C\'{a}rdenas, Carlos and Oliveto, Rocco and Di Penta, Massimiliano and Poshyvanyk, Denys},
 title = {Mining Energy-greedy API Usage Patterns in Android Apps: An Empirical Study},
 booktitle = {Proceedings of the 11th Working Conference on Mining Software Repositories},
 series = {MSR 2014},
 year = {2014},
 isbn = {978-1-4503-2863-0},
 location = {Hyderabad, India},
 pages = {2--11},
 numpages = {10},
 url = {http://doi.acm.org/10.1145/2597073.2597085},
 doi = {10.1145/2597073.2597085},
 acmid = {2597085},
 publisher = {ACM},
 address = {New York, NY, USA},
 keywords = {Empirical Study, Energy consumption, Mobile applications},
} 

@inproceedings{Chen:2014:ESD:2597073.2597108,
 author = {Chen, Tse-Hsun and Nagappan, Meiyappan and Shihab, Emad and Hassan, Ahmed E.},
 title = {An Empirical Study of Dormant Bugs},
 booktitle = {Proceedings of the 11th Working Conference on Mining Software Repositories},
 series = {MSR 2014},
 year = {2014},
 isbn = {978-1-4503-2863-0},
 location = {Hyderabad, India},
 pages = {82--91},
 numpages = {10},
 url = {http://doi.acm.org/10.1145/2597073.2597108},
 doi = {10.1145/2597073.2597108},
 acmid = {2597108},
 publisher = {ACM},
 address = {New York, NY, USA},
 keywords = {Empirical Study, Software Bugs, Software Quality},
} 

@inproceedings{Lee:2010:PSQ:1871871.1871877,
 author = {Lee, Jinsoo and Pham, Minh-Duc and Lee, Jihwan and Han, Wook-Shin and Cho, Hune and Yu, Hwanjo and Lee, Jeong-Hoon},
 title = {Processing SPARQL Queries with Regular Expressions in RDF Databases},
 booktitle = {Proceedings of the ACM Fourth International Workshop on Data and Text Mining in Biomedical Informatics},
 series = {DTMBIO '10},
 year = {2010},
 isbn = {978-1-4503-0382-8},
 location = {Toronto, ON, Canada},
 pages = {23--30},
 numpages = {8},
 url = {http://doi.acm.org/10.1145/1871871.1871877},
 doi = {10.1145/1871871.1871877},
 acmid = {1871877},
 publisher = {ACM},
 address = {New York, NY, USA},
 keywords = {geneontology, rdf, regular expression, sparql},
} 

@article{Alkhateeb:2009:ESR:1540656.1540975,
 author = {Alkhateeb, Faisal and Baget, Jean-Fran\c{c}ois and Euzenat, J{\'e}r\^{o}me},
 title = {Extending SPARQL with Regular Expression Patterns (for Querying RDF)},
 journal = {Web Semant.},
 issue_date = {April, 2009},
 volume = {7},
 number = {2},
 month = apr,
 year = {2009},
 issn = {1570-8268},
 pages = {57--73},
 numpages = {17},
 url = {http://dx.doi.org/10.1016/j.websem.2009.02.002},
 doi = {10.1016/j.websem.2009.02.002},
 acmid = {1540975},
 publisher = {Elsevier Science Publishers B. V.},
 address = {Amsterdam, The Netherlands, The Netherlands},
 keywords = {Query language, RDF, Regular expression patterns, SPARQL, Semantic web},
}

@article{Baeza-Yates:1996:FTS:235809.235810,
 author = {Baeza-Yates, Ricardo A. and Gonnet, Gaston H.},
 title = {Fast Text Searching for Regular Expressions or Automaton Searching on Tries},
 journal = {J. ACM},
 issue_date = {Nov. 1996},
 volume = {43},
 number = {6},
 month = nov,
 year = {1996},
 issn = {0004-5411},
 pages = {915--936},
 numpages = {22},
 url = {http://doi.acm.org/10.1145/235809.235810},
 doi = {10.1145/235809.235810},
 acmid = {235810},
 publisher = {ACM},
 address = {New York, NY, USA},
} 

@article{StoleeTSE2013,
author = {Kathryn T. Stolee and Sebastian Elbaum},
title = {Identification, Impact, and Refactoring of Smells in Pipe-Like Web Mashups},
journal ={IEEE Trans. Soft. Eng.},
volume = {39},
number = {12},
issn = {0098-5589},
year = {2013},
pages = {1654-1679},
doi = {http://doi.ieeecomputersociety.org/10.1109/TSE.2013.42},
publisher = {IEEE Computer Society},
address = {Los Alamitos, CA, USA},
}


@article{Parnin:2013:AUJ:2589712.2589717,
 author = {Parnin, Chris and Bird, Christian and Murphy-Hill, Emerson},
 title = {Adoption and Use of Java Generics},
 journal = {Empirical Softw. Engg.},
 issue_date = {December  2013},
 volume = {18},
 number = {6},
 month = dec,
 year = {2013},
 issn = {1382-3256},
 pages = {1047--1089},
 numpages = {43},
 url = {http://dx.doi.org/10.1007/s10664-012-9236-6},
 doi = {10.1007/s10664-012-9236-6},
 acmid = {2589717},
 publisher = {Kluwer Academic Publishers},
 address = {Hingham, MA, USA},
 keywords = {Annotations, Generics, Java, Languages, Post-mortem analysis},
} 

@inproceedings{Callau:2011:DUD:1985441.1985448,
 author = {Calla\'{u}, Oscar and Robbes, Romain and Tanter, \'{E}ric and R\"{o}thlisberger, David},
 title = {How Developers Use the Dynamic Features of Programming Languages: The Case of Smalltalk},
 booktitle = {Proceedings of the 8th Working Conference on Mining Software Repositories},
 series = {MSR '11},
 year = {2011},
 isbn = {978-1-4503-0574-7},
 location = {Waikiki, Honolulu, HI, USA},
 pages = {23--32},
 numpages = {10},
 url = {http://doi.acm.org/10.1145/1985441.1985448},
 doi = {10.1145/1985441.1985448},
 acmid = {1985448},
 publisher = {ACM},
 address = {New York, NY, USA},
 keywords = {dynamic languages, smalltalk, static analysis},
} 

@inproceedings{Dyer:2014:MBA:2568225.2568295,
 author = {Dyer, Robert and Rajan, Hridesh and Nguyen, Hoan Anh and Nguyen, Tien N.},
 title = {Mining Billions of AST Nodes to Study Actual and Potential Usage of Java Language Features},
 booktitle = {Proceedings of the 36th International Conference on Software Engineering},
 series = {ICSE 2014},
 year = {2014},
 isbn = {978-1-4503-2756-5},
 location = {Hyderabad, India},
 pages = {779--790},
 numpages = {12},
 url = {http://doi.acm.org/10.1145/2568225.2568295},
 doi = {10.1145/2568225.2568295},
 acmid = {2568295},
 publisher = {ACM},
 address = {New York, NY, USA},
 keywords = {Java, empirical study, language feature use, software mining},
} 

@article{Callau:2013:DUD:2589712.2589718,
 author = {Calla\'{u}, Oscar and Robbes, Romain and Tanter, \'{E}ric and R\"{o}thlisberger, David},
 title = {How (and Why) Developers Use the Dynamic Features of Programming Languages: The Case of Smalltalk},
 journal = {Empirical Software Engineering},
 issue_date = {December  2013},
 volume = {18},
 number = {6},
 month = dec,
 year = {2013},
 issn = {1382-3256},
 pages = {1156--1194},
 numpages = {39},
 url = {http://dx.doi.org/10.1007/s10664-012-9203-2},
 doi = {10.1007/s10664-012-9203-2},
 acmid = {2589718},
 publisher = {Kluwer Academic Publishers},
 address = {Hingham, MA, USA},
 keywords = {Dynamic languages, Reflection, Smalltalk, Static analysis},
} 


@inproceedings{Grechanik:2010:EIL:1852786.1852801,
 author = {Grechanik, Mark and McMillan, Collin and DeFerrari, Luca and Comi, Marco and Crespi, Stefano and Poshyvanyk, Denys and Fu, Chen and Xie, Qing and Ghezzi, Carlo},
 title = {An Empirical Investigation into a Large-scale Java Open Source Code Repository},
 booktitle = {Proceedings of the 2010 ACM-IEEE International Symposium on Empirical Software Engineering and Measurement},
 series = {ESEM '10},
 year = {2010},
 isbn = {978-1-4503-0039-1},
 location = {Bolzano-Bozen, Italy},
 pages = {11:1--11:10},
 articleno = {11},
 numpages = {10},
 url = {http://doi.acm.org/10.1145/1852786.1852801},
 doi = {10.1145/1852786.1852801},
 acmid = {1852801},
 publisher = {ACM},
 address = {New York, NY, USA},
 keywords = {empirical study, large-scale software, mining software repositories, open source, patterns, practice, software repository},
}

@inproceedings{Livshits:2005:RAJ:2099708.2099724,
 author = {Livshits, Benjamin and Whaley, John and Lam, Monica S.},
 title = {Reflection Analysis for Java},
 booktitle = {Proceedings of the Third Asian Conference on Programming Languages and Systems},
 series = {APLAS'05},
 year = {2005},
 isbn = {3-540-29735-9, 978-3-540-29735-2},
 location = {Tsukuba, Japan},
 pages = {139--160},
 numpages = {22},
 url = {http://dx.doi.org/10.1007/11575467_11},
 doi = {10.1007/11575467_11},
 acmid = {2099724},
 publisher = {Springer-Verlag},
 address = {Berlin, Heidelberg},
} 

@article{Richards:2010:ADB:1809028.1806598,
 author = {Richards, Gregor and Lebresne, Sylvain and Burg, Brian and Vitek, Jan},
 title = {An Analysis of the Dynamic Behavior of JavaScript Programs},
 journal = {SIGPLAN Not.},
 issue_date = {June 2010},
 volume = {45},
 number = {6},
 month = jun,
 year = {2010},
 issn = {0362-1340},
 pages = {1--12},
 numpages = {12},
 url = {http://doi.acm.org/10.1145/1809028.1806598},
 doi = {10.1145/1809028.1806598},
 acmid = {1806598},
 publisher = {ACM},
 address = {New York, NY, USA},
 keywords = {dynamic behavior, dynamic metrics, execution tracing, javascript, program analysis},
} 


@inproceedings{Meyerovich:2013:EAP:2509136.2509515,
 author = {Meyerovich, Leo A. and Rabkin, Ariel S.},
 title = {Empirical Analysis of Programming Language Adoption},
 booktitle = {Proceedings of the 2013 ACM SIGPLAN International Conference on Object Oriented Programming Systems Languages \&\#38; Applications},
 series = {OOPSLA '13},
 year = {2013},
 isbn = {978-1-4503-2374-1},
 location = {Indianapolis, Indiana, USA},
 pages = {1--18},
 numpages = {18},
 url = {http://doi.acm.org/10.1145/2509136.2509515},
 doi = {10.1145/2509136.2509515},
 acmid = {2509515},
 publisher = {ACM},
 address = {New York, NY, USA},
 keywords = {programming language adoption, survey research},
} 

@article{Dattero:2004:PLG:962081.962087,
 author = {Dattero, Ronald and Galup, Stuart D.},
 title = {Programming Languages and Gender},
 journal = {Commun. ACM},
 issue_date = {January 2004},
 volume = {47},
 number = {1},
 month = jan,
 year = {2004},
 issn = {0001-0782},
 pages = {99--102},
 numpages = {4},
 url = {http://doi.acm.org/10.1145/962081.962087},
 doi = {10.1145/962081.962087},
 acmid = {962087},
 publisher = {ACM},
 address = {New York, NY, USA},
} 


@inproceedings{chambers2013smell,
  title={Smell-driven performance analysis for end-user programmers},
  author={Chambers, Christopher and Scaffidi, Chris},
  booktitle={Proc. of VLH/CC '13},
  pages={159--166},
  year={2013}
}

@article{chambers2015impact,
  title={Impact and utility of smell-driven performance tuning for end-user programmers},
  author={Chambers, Christopher and Scaffidi, Christopher},
  journal={Journal of Visual Languages \& Computing},
  volume={28},
  pages={176--194},
  year={2015},
  publisher={Elsevier},
  note={to appear}
}

@Article{genprog-tse-journal,
	title={{GenProg}: A Generic Method for Automated Software Repair}, 
	journal={Transactions on Software Engineering},
	author={Claire {Le Goues} and ThanhVu Nguyen and Stephanie Forrest and Westley Weimer}, 
     volume= {38},
    number = {1},
    pages={54--72},
	year={2012}
}

@Article{cacm10,
	title={Automatic program repair with evolutionary computation},
	journal={Communications of the ACM Research Highlight},
	author={Westley Weimer and Stephanie Forrest and Claire {Le Goues} and ThanhVu Nguyen},
	number=5,
	month=may,
	volume=53,
	year={2010},
	pages={109--116},
}

